@book{raftpaper,
    author = "D. Ongaro, and J. Ousterhout",
    title = "In Search of an Understandable Consensus Algorithm",
    publisher = "Proceedings USENIX Annual Technical Conference ATC",
    year = "2014"
}

@online{webrtcwebsite,
    author = "Google",
    title = {WebRTC},
    url = "https://webrtc.org"
}

@book{paxospaper,
    author = "L. Lamport",
    title = "Paxos made simple",
    publisher = "ACM SIGACT News",
    year = "2001"
}

@book{vsrpaper,
    author = "B. M. Oki, and B. H. Liskov",
    title = "Viewstamped replication: A new primary copy method to support highly available distributed systems",
    publisher = "Pric. PODC'88, ACM Symposium on Principles of Distributed Computing",
    year = "1988"
}

@book{powpaper,
    author = "S. Nakamoto",
    title = "Bitcoin: A peer-to-peer electronic cash system",
    url = "http://bitcoin.org/bitcoin.pdf",
    year = "2008"
}

@online{puppeteerwebsite,
    author = "Google",
    title = {Puppeteer},
    url = "https://pptr.dev"
}

@book{honeybadgerpaper,
    author = " A. Miller and Y. Xia",
    title = "The Honey Badger of BFT protocols",
    publisher = "Proceedings of the 23rd ACM Conference on Computer and Communications Security (CCS)",
    year = "2016"
}


@book{pbftpaper,
    author = "B. Liskov and M. Castro",
    title = "Practical Byzantine fault tolerance and proactive recovery",
    publisher = "ACM Transactions on Computer Systems",
    year = "2002"
}
